
@InProceedings{ABC01,
  author   = {Abraham, N. and Bibel, U. and Corleone, P.},
  title    = {Formatting Contributions for Proceedings},
  pages    = {46-53},
  crossref = {Gl01},
}

@InBook{Az09,
  pages    = {135-162},
  title    = {Die Fußnote in LNI-Bänden},
  author   = {Azubi, L. and others},
  crossref = {Gl09},
}

@Book{AB00,
  title     = {Formatierungsrichtlinien für Tagungsbände},
  publisher = {Format-Verlag},
  year      = {2000},
  author    = {Abel, K. and Bibel, U.},
  address   = {Bonn},
}

@Book{Ez10,
  title     = {The Magic Format -- Your Way to Pretty Books},
  publisher = {Noah \& Sons},
  year      = {2010},
  author    = {Ezgarani, O.},
}

@Article{Gl06,
  author  = {Glück, H. I.},
  title   = {Formatierung leicht gemacht},
  journal = {Formatierungsjournal},
  volume  = {11},
  number  = {09},
  year    = {2009},
  pages   = {23-27},
}

@Book{Wa14,
  title     = {Essenzen der Informatik},
  publisher = {Verlag Formvoll},
  year      = {2014},
  author    = {Wasser, K. and Feuer, H. and Erde, R. and Licht, H.},
}

@Book{Wa14b,
  title     = {Ganz neue Essenzen der Informatik im selben Jahr},
  publisher = {Format-Verlag},
  year      = {2014},
  author    = {Wasser, K. and Feuer, H. and Erde, R. and Licht, H.},
}

@Proceedings{Gl01,
  title     = {Proc. 7th Int. Conf. on Formatting of Workshop-Proceedings},
  year      = {2001},
  editor    = {Glück, H. I.},
  address   = {San Francisco},
  publisher = {Noah \& Sons},
  booktitle = {Proc. 7th Int. Conf. on Formatting of Workshop-Proceedings},
}

@Book{Gl09,
  title     = {Formatierung 2009},
  publisher = {Format-Verlag},
  year      = {2009},
  editor    = {Glück, H. I.},
  number    = {999},
  series    = {LNI},
  address   = {Bonn},
  booktitle = {Formatierung 2009},
}

@Misc{XX14,
  title        = {Anteil an Frauen in der Informatik},
  label        = {An},
  howpublished = {Statistics Worldwide},
  year         = {2014},
}

@Online{GI19,
  author = {{Gesellschaft für Informatik e.\,V.}},
  label  = {GI},
  year  = {2019},
  url  =  {http://www.gi.de},
  urldate = {2019-03-21}
}

@Comment{jabref-meta: databaseType:biblatex;}


@article{wildt2009forschendes,
  title={Forschendes {L}ernen: {L}ernen im „{F}ormat“ der {F}orschung},
  author={Wildt, Johannes},
  journal={Journal Hochschuldidaktik},
  volume={20},
  number={2},
  pages={4--7},
  doi={10.17877/DE290R-8583},
  year={2009}
}

@phdthesis{Dehne2021,
  doi = {10.25932/PUBLISHUP-49789},
  author = {Dehne, Julian},
  keywords = {000 Informatik, Informationswissenschaft, allgemeine Werke, 370 Bildung und Erziehung},
  title = {Möglichkeiten und {L}imitationen der medialen {U}nterstützung forschenden {L}ernens},
  publisher = {Universität Potsdam},
  year = {2021},
  copyright = {Creative Commons - Namensnennung, Nicht kommerziell, Keine Bearbeitung 4.0 International}
}

@misc{GI2021DataScience,
  author       = {{Gesellschaft für Informatik e.V. (GI)}},
  title        = {Empfehlungen für Masterstudiengänge „Data Science“ – auf Basis eines Bachelors in (Wirtschafts-)Informatik oder Mathematik},
  year         = {2021},
  howpublished = {\url{https://gi.de/fileadmin/GI/Hauptseite/Service/Publikationen/Empfehlungen/Empfehlungen_Masterstdiengaenge_DataScience_2021.pdf}},
  note         = {Zugriff am 29. April 2025}
}

@misc{petersen_2025_15025246,
  author       = {Petersen, Britta and
                  Altemeier, Franziska and
                  Boße, Sophie and
                  Düvel, Nina and
                  Engelhardt, Claudia and
                  Fichtner, Mark and
                  Hastik, Canan and
                  Haugwitz, Jan-Michael and
                  Jacob, Juliane and
                  Koch, Katharina and
                  Kuntz, Alessandra and
                  Manske, Antje and
                  Mühlichen, Andreas and
                  Murcia Serra, Jorge and
                  Ortmeyer, Jochen and
                  Richter, Manuela and
                  Schranzhofer, Hermann and
                  Slowig, Benjamin and
                  Trautwein-Bruns, Ute and
                  Urbaum, Dorothee and
                  Voigt, Anne and
                  Werner, Stephanie and
                  Wiljes, Cord and
                  Zollitsch, Linda},
  title        = {Lernzielmatrix zum {T}hemenbereich
                   {F}orschungsdatenmanagement ({FDM})
                  },
  month        = mar,
  year         = 2025,
  publisher    = {Zenodo},
  version      = 3,
  doi          = {10.5281/zenodo.15025246},
}

@article{Backus1978,
        title = {The history of {FORTRAN} {I}, {II}, and {III}},
        volume = {13},
        issn = {0362-1340, 1558-1160},
        doi = {10.1145/960118.808380},
        number = {8},
        journal = {ACM SIGPLAN Notices},
        author = {Backus, John},
        month = aug,
        year = {1978},
        pages = {165--180},
}

@article{Burks1981,
        title = {First General-Purpose Electronic Computer},
        volume = {3},
        issn = {1058-6180},
        doi = {10.1109/MAHC.1981.10043},
        number = {4},
        journal = {IEEE Annals of the History of Computing},
        author = {Burks, Arthur W. and Burks, Alice R.},
        month = oct,
        year = {1981},
        pages = {310--389},
}

@article{Copeland2004,
        title = {Colossus: its origins and originators},
        volume = {26},
        issn = {1058-6180},
        shorttitle = {Colossus},
        doi = {10.1109/MAHC.2004.26},
        number = {4},
        journal = {IEEE Annals of the History of Computing},
        author = {Copeland, B. J.},
        month = oct,
        year = {2004},
        pages = {38--45},
}

@article{Goth2024RSE,
  author       = {Goth, Florian and Alves, Renato and Braun, Matthias and Castro, Leyla Jael and Chourdakis, Gerasimos and Christ, Simon and Cohen, Jeremy and Druskat, Stephan and Erxleben, Fredo and Grad, Jean-Noël and Hagdorn, Magnus and Hodges, Toby and Juckeland, Guido and Kempf, Dominic and Lamprecht, Anna-Lena and Linxweiler, Jan and Löffler, Frank and Martone, Michele and Schwarzmeier, Moritz and Seibold, Heidi and Thiele, Jan Philipp and von Waldow, Harald and Wittke, Samantha},
  title        = {Foundational Competencies and Responsibilities of a Research Software Engineer [version 1; peer review: 2 approved]},
  journal      = {F1000Research},
  year         = {2024},
  volume       = {13},
  number       = {1429},
  doi          = {10.12688/f1000research.157778.1},
}

@book{Kaufmann1994,
        address = {Heidelberg},
        series = {Spektrum-{Bibliothek}},
        title = {Simulierte {Welten}: {Moleküle} und {Gewitter} aus dem {Computer}},
        isbn = {978-3-86025-103-4},
        shorttitle = {Simulierte {Welten}},
        publisher = {Spektrum, Akad. Verl},
        author = {Kaufmann, William J. and Smarr, Larry L. and Kaufmann, William J.},
        year = {1994},
}

@book{Zuse1986,
        address = {Berlin, Heidelberg},
        title = {Der {Computer} — {Mein} {Lebenswerk}},
        copyright = {http://www.springer.com/tdm},
        isbn = {978-3-662-06516-7},
        publisher = {Springer},
        author = {Zuse, Konrad},
        year = {1986},
        doi = {10.1007/978-3-662-06516-7},
}

@Article{Kelly2007,
    author = {Kelly, Diane F.},
    title = {A software chasm: software engineering and scientific computing},
    volume = {24},
    issn = {1937-4194},
    doi = {10.1109/MS.2007.155},
    number = {6},
    journal = {IEEE Software},
    month = nov,
    year = {2007},
    pages = {120--119},
    file = {Snapshot:C\:\\Users\\julian.dehne\\Zotero\\storage\\8ID9P6Q2\\4375255.html:text/html},
}

@article{josi.12329,
    author = {Wiley, Shaun and Fleischmann, Fenella and Deaux, Kay and Verkuyten, Maykel},
    title = {Why Immigrants’ Multiple Identities Matter: Implications for Research, Policy, and Practice},
    journal = {Journal of Social Issues},
    volume = {75},
    number = {2},
    pages = {611-629},
    doi = {https://doi.org/10.1111/josi.12329},
    url = {https://spssi.onlinelibrary.wiley.com/doi/abs/10.1111/josi.12329},
    eprint = {https://spssi.onlinelibrary.wiley.com/doi/pdf/10.1111/josi.12329},
    abstract = {Abstract Immigrants and their descendants typically identify with ethnic, national, religious, and/or regional groups, in various combinations and with varying degrees of compatibility or conflict. Research and theorizing on these patterns of identification, as represented in this issue, suggest guideposts for future research and domains for policy development. Here, we identify some of the issues that warrant additional research and we consider implications of existing research on dual (or multiple) identification for the development and implementation of policies related to immigrants. Examples of the former include the need for careful specification of concepts, the consideration of multiple dimensions of identity, deeper examination of identity meanings, methodological extensions in time and space, and greater theoretical integration. Policy development will require greater attention to various identity combinations, advocacy for national inclusivity, the promotion of sites for positive intergroup contact, and maximizing the potential for immigrants with multiple identities to help bridge intergroup gaps.},
    year = {2019}
}


@article{bromley2008charles,
    title={{C}harles {B}abbage's analytical engine, 1838},
    author={Bromley, Allan G},
    journal={Annals of the History of Computing},
    volume={4},
    number={3},
    pages={196--217},
    year={2008},
    publisher={IEEE}
}


@INPROCEEDINGS{agile_requirements,
    author={Käpyaho, Marja and Kauppinen, Marjo},
    booktitle={2015 {IEEE} 23\textsuperscript{rd} International Requirements Engineering Conference (RE)},
    title={Agile requirements engineering with prototyping: A case study},
    year={2015},
    pages={334--343},
    doi={10.1109/RE.2015.7320450},
}


@article{lang2020prototyping,
    title={Prototyping as a requirements engineering technique},
    author={Lang, Franz and Mj{\"o}berg, Alexander},
    journal={LU-CS-EX},
    year={2020}
}


@article{gronau2006kmdl,
    title={KMDL{\textregistered} Eine semiformale {B}eschreibungssprache zur {M}odellierung von {W}issenskonversionen},
    author={Gronau, Norbert and Fr{\"o}ming, Jane},
    journal={Wirtschaftsinformatik},
    volume={48},
    number={5},
    pages={349--360},
    year={2006},
    publisher={Springer}
}